@article{Bauer:2017nlg,
  author        = {Bauer, Martin and Neubert, Matthias and Thamm, Andrea},
  title         = {{LHC as an Axion Factory: Probing an Axion Explanation for $(g-2)_\mu$ with Exotic Higgs Decays}},
  eprint        = {1704.08207},
  archiveprefix = {arXiv},
  primaryclass  = {hep-ph},
  doi           = {10.1103/PhysRevLett.119.031802},
  journal       = {Phys. Rev. Lett.},
  volume        = {119},
  number        = {3},
  pages         = {031802},
  year          = {2017}
}

@article{Bauer:2017ris,
  author        = {Bauer, Martin and Neubert, Matthias and Thamm, Andrea},
  title         = {{Collider Probes of Axion-Like Particles}},
  eprint        = {1708.00443},
  archiveprefix = {arXiv},
  primaryclass  = {hep-ph},
  reportnumber  = {MITP-17-047},
  doi           = {10.1007/JHEP12(2017)044},
  journal       = {JHEP},
  volume        = {12},
  pages         = {044},
  year          = {2017}
}

@article{Marciano:2016yhf,
  author        = {Marciano, W. J. and Masiero, A. and Paradisi, P. and Passera, M.},
  title         = {{Contributions of axionlike particles to lepton dipole moments}},
  eprint        = {1607.01022},
  archiveprefix = {arXiv},
  primaryclass  = {hep-ph},
  doi           = {10.1103/PhysRevD.94.115033},
  journal       = {Phys. Rev. D},
  volume        = {94},
  number        = {11},
  pages         = {115033},
  year          = {2016}
}

@article{Bauer:2019gfk,
  author        = {Bauer, Martin and Neubert, Matthias and Renner, Sophie and Schnubel, Marvin and Thamm, Andrea},
  title         = {{Axionlike Particles, Lepton-Flavor Violation, and a New Explanation of $a_\mu$ and $a_e$}},
  eprint        = {1908.00008},
  archiveprefix = {arXiv},
  primaryclass  = {hep-ph},
  reportnumber  = {CERN-TH-2019-124, IPPP/19/64, MITP/19-053},
  doi           = {10.1103/PhysRevLett.124.211803},
  journal       = {Phys. Rev. Lett.},
  volume        = {124},
  number        = {21},
  pages         = {211803},
  year          = {2020}
}

@article{Buen-Abad:2021fwq,
  author        = {Buen-Abad, Manuel A. and Fan, JiJi and Reece, Matthew and Sun, Chen},
  title         = {{Challenges for an axion explanation of the muon g \ensuremath{-} 2 measurement}},
  eprint        = {2104.03267},
  archiveprefix = {arXiv},
  primaryclass  = {hep-ph},
  doi           = {10.1007/JHEP09(2021)101},
  journal       = {JHEP},
  volume        = {09},
  pages         = {101},
  year          = {2021}
}

@article{Jenkins:2013zja,
  author        = {Jenkins, Elizabeth E. and Manohar, Aneesh V. and Trott, Michael},
  title         = {{Renormalization Group Evolution of the Standard Model Dimension Six Operators I: Formalism and lambda Dependence}},
  eprint        = {1308.2627},
  archiveprefix = {arXiv},
  primaryclass  = {hep-ph},
  doi           = {10.1007/JHEP10(2013)087},
  journal       = {JHEP},
  volume        = {10},
  pages         = {087},
  year          = {2013}
}

@article{Alonso:2013hga,
  author        = {Alonso, Rodrigo and Jenkins, Elizabeth E. and Manohar, Aneesh V. and Trott, Michael},
  title         = {{Renormalization Group Evolution of the Standard Model Dimension Six Operators III: Gauge Coupling Dependence and Phenomenology}},
  eprint        = {1312.2014},
  archiveprefix = {arXiv},
  primaryclass  = {hep-ph},
  reportnumber  = {CERN-PH-TH-2013-305, CERN-PH-TH/2013-305},
  doi           = {10.1007/JHEP04(2014)159},
  journal       = {JHEP},
  volume        = {04},
  pages         = {159},
  year          = {2014}
}
@article{Jenkins:2013wua,
  author        = {Jenkins, Elizabeth E. and Manohar, Aneesh V. and Trott, Michael},
  title         = {{Renormalization Group Evolution of the Standard Model Dimension Six Operators II: Yukawa Dependence}},
  eprint        = {1310.4838},
  archiveprefix = {arXiv},
  primaryclass  = {hep-ph},
  reportnumber  = {CERN-PH-TH/2015-247},
  doi           = {10.1007/JHEP01(2014)035},
  journal       = {JHEP},
  volume        = {01},
  pages         = {035},
  year          = {2014}
}

@article{Celis:2017hod,
  author        = {Celis, Alejandro and Fuentes-Martin, Javier and Vicente, Avelino and Virto, Javier},
  title         = {{DsixTools: The Standard Model Effective Field Theory Toolkit}},
  eprint        = {1704.04504},
  archiveprefix = {arXiv},
  primaryclass  = {hep-ph},
  reportnumber  = {LMU-ASC-24-17, IFIC-17-18},
  doi           = {10.1140/epjc/s10052-017-4967-6},
  journal       = {Eur. Phys. J. C},
  volume        = {77},
  number        = {6},
  pages         = {405},
  year          = {2017}
}

@article{Manohar:2018aog,
  author        = {Manohar, Aneesh V.},
  editor        = {Davidson, Sacha and Gambino, Paolo and Laine, Mikko and Neubert, Matthias and Salomon, Christophe},
  title         = {{Introduction to Effective Field Theories}},
  eprint        = {1804.05863},
  archiveprefix = {arXiv},
  primaryclass  = {hep-ph},
  doi           = {10.1093/oso/9780198855743.003.0002},
  month         = {4},
  year          = {2018}
}

@article{Galda:2021hbr,
  author        = {Galda, Anne Mareike and Neubert, Matthias and Renner, Sophie},
  title         = {{ALP \textemdash{} SMEFT interference}},
  eprint        = {2105.01078},
  archiveprefix = {arXiv},
  primaryclass  = {hep-ph},
  reportnumber  = {MITP/21-021, SISSA 10/2021/FISI, ZU-TH-18/21},
  doi           = {10.1007/JHEP06(2021)135},
  journal       = {JHEP},
  volume        = {06},
  pages         = {135},
  year          = {2021}
}


@article{Aebischer:2018bkb,
  author        = {Aebischer, Jason and Kumar, Jacky and Straub, David M.},
  title         = {{Wilson: a Python package for the running and matching of Wilson coefficients above and below the electroweak scale}},
  eprint        = {1804.05033},
  archiveprefix = {arXiv},
  primaryclass  = {hep-ph},
  doi           = {10.1140/epjc/s10052-018-6492-7},
  journal       = {Eur. Phys. J. C},
  volume        = {78},
  number        = {12},
  pages         = {1026},
  year          = {2018}
}

@article{Gallo:2021ame,
  author        = {Alda Gallo, Jorge and Guerrera, Alfredo Walter Mario and Pe\~naranda, Siannah and Rigolin, Stefano},
  title         = {{Leptonic Meson Decays into Invisible ALP}},
  eprint        = {2111.02536},
  archiveprefix = {arXiv},
  primaryclass  = {hep-ph},
  month         = {11},
  year          = {2021}
}

@article{LHCb:2014vgu,
  author        = {Aaij, Roel and others},
  collaboration = {LHCb},
  title         = {{Test of lepton universality using $B^{+}\rightarrow K^{+}\ell^{+}\ell^{-}$ decays}},
  eprint        = {1406.6482},
  archiveprefix = {arXiv},
  primaryclass  = {hep-ex},
  reportnumber  = {CERN-PH-EP-2014-140, LHCB-PAPER-2014-024},
  doi           = {10.1103/PhysRevLett.113.151601},
  journal       = {Phys. Rev. Lett.},
  volume        = {113},
  pages         = {151601},
  year          = {2014}
}

@article{LHCb:2017avl,
  author        = {Aaij, R. and others},
  collaboration = {LHCb},
  title         = {{Test of lepton universality with $B^{0} \rightarrow K^{*0}\ell^{+}\ell^{-}$ decays}},
  eprint        = {1705.05802},
  archiveprefix = {arXiv},
  primaryclass  = {hep-ex},
  reportnumber  = {LHCB-PAPER-2017-013, CERN-EP-2017-100},
  doi           = {10.1007/JHEP08(2017)055},
  journal       = {JHEP},
  volume        = {08},
  pages         = {055},
  year          = {2017}
}

@article{LHCb:2019hip,
  author        = {Aaij, Roel and others},
  collaboration = {LHCb},
  title         = {{Search for lepton-universality violation in $B^+\to K^+\ell^+\ell^-$ decays}},
  eprint        = {1903.09252},
  archiveprefix = {arXiv},
  primaryclass  = {hep-ex},
  reportnumber  = {LHCb-PAPER-2019-009, CERN-EP-2019-043, LHCb-PAPER-2019-009 CERN-EP-2019-043},
  doi           = {10.1103/PhysRevLett.122.191801},
  journal       = {Phys. Rev. Lett.},
  volume        = {122},
  number        = {19},
  pages         = {191801},
  year          = {2019}
}

@article{LHCb:2021trn,
  author        = {Aaij, Roel and others},
  collaboration = {LHCb},
  title         = {{Test of lepton universality in beauty-quark decays}},
  eprint        = {2103.11769},
  archiveprefix = {arXiv},
  primaryclass  = {hep-ex},
  reportnumber  = {LHCb-PAPER-2021-004, CERN-EP-2021-042},
  month         = {3},
  year          = {2021}
}

@article{LHCb:2021lvy,
  author        = {Aaij, Roel and others},
  collaboration = {LHCb},
  title         = {{Tests of lepton universality using $B^0\to K^0_S \ell^+ \ell^-$ and $B^+\to K^{*+} \ell^+ \ell^-$ decays}},
  eprint        = {2110.09501},
  archiveprefix = {arXiv},
  primaryclass  = {hep-ex},
  reportnumber  = {LHCb-PAPER-2021-038, CERN-EP-2021-208},
  month         = {10},
  year          = {2021}
}

@article{Belle:2019oag,
  author        = {Abdesselam, A. and others},
  collaboration = {Belle},
  title         = {{Test of Lepton-Flavor Universality in ${B\to K^\ast\ell^+\ell^-}$ Decays at Belle}},
  eprint        = {1904.02440},
  archiveprefix = {arXiv},
  primaryclass  = {hep-ex},
  reportnumber  = {BELLE-CONF-1901},
  doi           = {10.1103/PhysRevLett.126.161801},
  journal       = {Phys. Rev. Lett.},
  volume        = {126},
  number        = {16},
  pages         = {161801},
  year          = {2021}
}

@article{BELLE:2019xld,
  author        = {Choudhury, S. and others},
  collaboration = {BELLE},
  title         = {{Test of lepton flavor universality and search for lepton flavor violation in $B \rightarrow K\ell \ell$ decays}},
  eprint        = {1908.01848},
  archiveprefix = {arXiv},
  primaryclass  = {hep-ex},
  reportnumber  = {BELLE-CONF-1904},
  doi           = {10.1007/JHEP03(2021)105},
  journal       = {JHEP},
  volume        = {03},
  pages         = {105},
  year          = {2021}
}

@article{LHCb:2013ghj,
  author        = {Aaij, R and others},
  collaboration = {LHCb},
  title         = {{Measurement of Form-Factor-Independent Observables in the Decay $B^{0} \to K^{*0} \mu^+ \mu^-$}},
  eprint        = {1308.1707},
  archiveprefix = {arXiv},
  primaryclass  = {hep-ex},
  reportnumber  = {LHCB-PAPER-2013-037, CERN-PH-EP-2013-146},
  doi           = {10.1103/PhysRevLett.111.191801},
  journal       = {Phys. Rev. Lett.},
  volume        = {111},
  pages         = {191801},
  year          = {2013}
}

@article{LHCb:2014cxe,
  author        = {Aaij, R. and others},
  collaboration = {LHCb},
  title         = {{Differential branching fractions and isospin asymmetries of $B \to K^{(*)} \mu^+ \mu^-$ decays}},
  eprint        = {1403.8044},
  archiveprefix = {arXiv},
  primaryclass  = {hep-ex},
  reportnumber  = {LHCB-PAPER-2014-006, CERN-PH-EP-2014-055},
  doi           = {10.1007/JHEP06(2014)133},
  journal       = {JHEP},
  volume        = {06},
  pages         = {133},
  year          = {2014}
}

@article{LHCb:2015svh,
  author        = {Aaij, Roel and others},
  collaboration = {LHCb},
  title         = {{Angular analysis of the $B^{0} \to K^{*0} \mu^{+} \mu^{-}$ decay using 3 fb$^{-1}$ of integrated luminosity}},
  eprint        = {1512.04442},
  archiveprefix = {arXiv},
  primaryclass  = {hep-ex},
  reportnumber  = {CERN-PH-EP-2015-314, LHCB-PAPER-2015-051},
  doi           = {10.1007/JHEP02(2016)104},
  journal       = {JHEP},
  volume        = {02},
  pages         = {104},
  year          = {2016}
}

@article{LHCb:2016ykl,
  author        = {Aaij, Roel and others},
  collaboration = {LHCb},
  title         = {{Measurements of the S-wave fraction in $B^{0}\rightarrow K^{+}\pi^{-}\mu^{+}\mu^{-}$ decays and the $B^{0}\rightarrow K^{\ast}(892)^{0}\mu^{+}\mu^{-}$ differential branching fraction}},
  eprint        = {1606.04731},
  archiveprefix = {arXiv},
  primaryclass  = {hep-ex},
  reportnumber  = {CERN-EP-2016-141, LHCB-PAPER-2016-012},
  doi           = {10.1007/JHEP11(2016)047},
  journal       = {JHEP},
  volume        = {11},
  pages         = {047},
  year          = {2016},
  note          = {[Erratum: JHEP 04, 142 (2017)]}
}

@article{LHCb:2020lmf,
  author        = {Aaij, Roel and others},
  collaboration = {LHCb},
  title         = {{Measurement of $CP$-Averaged Observables in the $B^{0}\rightarrow K^{*0}\mu^{+}\mu^{-}$ Decay}},
  eprint        = {2003.04831},
  archiveprefix = {arXiv},
  primaryclass  = {hep-ex},
  reportnumber  = {LHCb-PAPER-2020-002, CERN-EP-2020-027},
  doi           = {10.1103/PhysRevLett.125.011802},
  journal       = {Phys. Rev. Lett.},
  volume        = {125},
  number        = {1},
  pages         = {011802},
  year          = {2020}
}

@inproceedings{Belle:2016xuo,
  author        = {Abdesselam, A. and others},
  collaboration = {Belle},
  title         = {{Angular analysis of $B^0 \to K^\ast(892)^0 \ell^+ \ell^-$}},
  booktitle     = {{LHC Ski 2016}: {A First Discussion of 13 TeV Results}},
  eprint        = {1604.04042},
  archiveprefix = {arXiv},
  primaryclass  = {hep-ex},
  reportnumber  = {BELLE-CONF-1603},
  month         = {4},
  year          = {2016}
}

@article{Belle:2016fev,
  author        = {Wehle, S. and others},
  collaboration = {Belle},
  title         = {{Lepton-Flavor-Dependent Angular Analysis of $B\to K^\ast \ell^+\ell^-$}},
  eprint        = {1612.05014},
  archiveprefix = {arXiv},
  primaryclass  = {hep-ex},
  reportnumber  = {BELLE-PREPRINT-2016-15, KEK-PREPRINT-2016-54},
  doi           = {10.1103/PhysRevLett.118.111801},
  journal       = {Phys. Rev. Lett.},
  volume        = {118},
  number        = {11},
  pages         = {111801},
  year          = {2017}
}

@article{BaBar:2012obs,
  author        = {Lees, J. P. and others},
  collaboration = {BaBar},
  title         = {{Evidence for an excess of $\bar{B} \to D^{(*)} \tau^-\bar{\nu}_\tau$ decays}},
  eprint        = {1205.5442},
  archiveprefix = {arXiv},
  primaryclass  = {hep-ex},
  reportnumber  = {BABAR-PUB-12-012, SLAC-PUB-15028},
  doi           = {10.1103/PhysRevLett.109.101802},
  journal       = {Phys. Rev. Lett.},
  volume        = {109},
  pages         = {101802},
  year          = {2012}
}

@inproceedings{Belle:2009xqm,
  author        = {Adachi, I. and others},
  collaboration = {Belle},
  title         = {{Measurement of B ---\ensuremath{>} D(*) tau nu using full reconstruction tags}},
  booktitle     = {{24th International Symposium on Lepton-Photon Interactions at High Energy (LP09)}},
  eprint        = {0910.4301},
  archiveprefix = {arXiv},
  primaryclass  = {hep-ex},
  reportnumber  = {BELLE-CONF-0901, NTLP-PREPRINT-2009-03},
  month         = {10},
  year          = {2009}
}

@article{Belle:2015qfa,
  author        = {Huschle, M. and others},
  collaboration = {Belle},
  title         = {{Measurement of the branching ratio of $\bar{B} \to D^{(\ast)} \tau^- \bar{\nu}_\tau$ relative to $\bar{B} \to D^{(\ast)} \ell^- \bar{\nu}_\ell$ decays with hadronic tagging at Belle}},
  eprint        = {1507.03233},
  archiveprefix = {arXiv},
  primaryclass  = {hep-ex},
  reportnumber  = {KEK-REPORT-2015-18},
  doi           = {10.1103/PhysRevD.92.072014},
  journal       = {Phys. Rev. D},
  volume        = {92},
  number        = {7},
  pages         = {072014},
  year          = {2015}
}

@article{Belle:2016dyj,
  author        = {Hirose, S. and others},
  collaboration = {Belle},
  title         = {{Measurement of the $\tau$ lepton polarization and $R(D^*)$ in the decay $\bar{B} \to D^* \tau^- \bar{\nu}_\tau$}},
  eprint        = {1612.00529},
  archiveprefix = {arXiv},
  primaryclass  = {hep-ex},
  reportnumber  = {KEK-PREPRINT-2016-53, BELLE-PREPRINT-2016-14},
  doi           = {10.1103/PhysRevLett.118.211801},
  journal       = {Phys. Rev. Lett.},
  volume        = {118},
  number        = {21},
  pages         = {211801},
  year          = {2017}
}

@article{Belle:2019gij,
  author        = {Abdesselam, A. and others},
  collaboration = {Belle},
  title         = {{Measurement of $\mathcal{R}(D)$ and $\mathcal{R}(D^{\ast})$ with a semileptonic tagging method}},
  eprint        = {1904.08794},
  archiveprefix = {arXiv},
  primaryclass  = {hep-ex},
  month         = {4},
  year          = {2019}
}

@article{LHCb:2015gmp,
  author        = {Aaij, Roel and others},
  collaboration = {LHCb},
  title         = {{Measurement of the ratio of branching fractions $\mathcal{B}(\bar{B}^0 \to D^{*+}\tau^{-}\bar{\nu}_{\tau})/\mathcal{B}(\bar{B}^0 \to D^{*+}\mu^{-}\bar{\nu}_{\mu})$}},
  eprint        = {1506.08614},
  archiveprefix = {arXiv},
  primaryclass  = {hep-ex},
  reportnumber  = {CERN-PH-EP-2015-150, LHCB-PAPER-2015-025},
  doi           = {10.1103/PhysRevLett.115.111803},
  journal       = {Phys. Rev. Lett.},
  volume        = {115},
  number        = {11},
  pages         = {111803},
  year          = {2015},
  note          = {[Erratum: Phys.Rev.Lett. 115, 159901 (2015)]}
}

@article{LHCb:2017smo,
  author        = {Aaij, R. and others},
  collaboration = {LHCb},
  title         = {{Measurement of the ratio of the $B^0 \to D^{*-} \tau^+ \nu_{\tau}$ and $B^0 \to D^{*-} \mu^+ \nu_{\mu}$ branching fractions using three-prong $\tau$-lepton decays}},
  eprint        = {1708.08856},
  archiveprefix = {arXiv},
  primaryclass  = {hep-ex},
  reportnumber  = {LHCB-PAPER-2017-017, CERN-EP-2017-212},
  doi           = {10.1103/PhysRevLett.120.171802},
  journal       = {Phys. Rev. Lett.},
  volume        = {120},
  number        = {17},
  pages         = {171802},
  year          = {2018}
}

@article{HFLAV:2019otj,
  author        = {Amhis, Yasmine Sara and others},
  collaboration = {HFLAV},
  title         = {{Averages of b-hadron, c-hadron, and $\tau $-lepton properties as of 2018}},
  eprint        = {1909.12524},
  archiveprefix = {arXiv},
  primaryclass  = {hep-ex},
  doi           = {10.1140/epjc/s10052-020-8156-7},
  journal       = {Eur. Phys. J. C},
  volume        = {81},
  number        = {3},
  pages         = {226},
  year          = {2021}
}

@article{Alda:2018mfy,
  author        = {Alda, Jorge and Guasch, Jaume and Penaranda, Siannah},
  title         = {{Some results on Lepton Flavour Universality Violation}},
  eprint        = {1805.03636},
  archiveprefix = {arXiv},
  primaryclass  = {hep-ph},
  doi           = {10.1140/epjc/s10052-019-7092-x},
  journal       = {Eur. Phys. J. C},
  volume        = {79},
  number        = {7},
  pages         = {588},
  year          = {2019}
}

@article{Alda:2020okk,
  author        = {Alda, J. and Guasch, J. and Pe\~naranda, S.},
  title         = {{Anomalies in B mesons decays: A phenomenological approach}},
  eprint        = {2012.14799},
  archiveprefix = {arXiv},
  primaryclass  = {hep-ph},
  month         = {12},
  year          = {2020}
}

@inproceedings{Alda:2021ruz,
  author        = {Alda, Jorge and Guasch, Jaume and Penaranda, Siannah},
  title         = {{Anomalies in B mesons decays: Present status and future collider prospects}},
  booktitle     = {{International Workshop on Future Linear Colliders}},
  eprint        = {2105.05095},
  archiveprefix = {arXiv},
  primaryclass  = {hep-ph},
  month         = {5},
  year          = {2021}
}

@article{Alda:2021rgt,
  author        = {Alda, Jorge and Guasch, Jaume and Penaranda, Siannah},
  title         = {{Using Machine Learning techniques in phenomenological studies in flavour physics}},
  eprint        = {2109.07405},
  archiveprefix = {arXiv},
  primaryclass  = {hep-ph},
  month         = {9},
  year          = {2021}
}

@inproceedings{Alda:2021krg,
  author        = {Alda, Jorge and Guasch, Jaume and Penaranda, Siannah},
  title         = {{Exploring B-physics anomalies at colliders}},
  booktitle     = {{European Physical Society Conference on High Energy Physics 2021}},
  eprint        = {2110.12240},
  archiveprefix = {arXiv},
  primaryclass  = {hep-ph},
  month         = {10},
  year          = {2021}
}

@article{Guest:2018yhq,
  author        = {Guest, Dan and Cranmer, Kyle and Whiteson, Daniel},
  title         = {{Deep Learning and its Application to LHC Physics}},
  eprint        = {1806.11484},
  archiveprefix = {arXiv},
  primaryclass  = {hep-ex},
  doi           = {10.1146/annurev-nucl-101917-021019},
  journal       = {Ann. Rev. Nucl. Part. Sci.},
  volume        = {68},
  pages         = {161--181},
  year          = {2018}
}

@article{Albertsson:2018maf,
  author        = {Albertsson, Kim and others},
  title         = {{Machine Learning in High Energy Physics Community White Paper}},
  eprint        = {1807.02876},
  archiveprefix = {arXiv},
  primaryclass  = {physics.comp-ph},
  reportnumber  = {FERMILAB-PUB-18-318-CD-DI-PPD},
  doi           = {10.1088/1742-6596/1085/2/022008},
  journal       = {J. Phys. Conf. Ser.},
  volume        = {1085},
  number        = {2},
  pages         = {022008},
  year          = {2018}
}

@article{Schwartz:2021ftp,
  author        = {Schwartz, Matthew D.},
  title         = {{Modern Machine Learning and Particle Physics}},
  eprint        = {2103.12226},
  archiveprefix = {arXiv},
  primaryclass  = {hep-ph},
  month         = {3},
  year          = {2021}
}

@article{Alanazi:2021grv,
  author        = {Alanazi, Yasir and Sato, N. and Ambrozewicz, Pawel and Blin, Astrid N. Hiller and Melnitchouk, W. and Battaglieri, Marco and Liu, Tianbo and Li, Yaohang},
  title         = {{A survey of machine learning-based physics event generation}},
  eprint        = {2106.00643},
  archiveprefix = {arXiv},
  primaryclass  = {hep-ph},
  reportnumber  = {JLAB-THY-21-3385},
  month         = {6},
  year          = {2021}
}

@article{Bhattacharya:2020vme,
  author        = {Bhattacharya, Srimoy and Nandi, Soumitra and Patra, Sunando Kumar and Sahoo, Shantanu},
  title         = {{'Deep' Dive into $b \to c$ Anomalies: Standardized and Future-proof Model Selection Using Self-normalizing Neural Networks}},
  eprint        = {2008.04316},
  archiveprefix = {arXiv},
  primaryclass  = {hep-ph},
  month         = {8},
  year          = {2020}
}

% Encoding: UTF-8
@article{Agrawal:2021dbo,
  author        = {Agrawal, Prateek and others},
  title         = {{Feebly-Interacting Particles:FIPs 2020 Workshop Report}},
  eprint        = {2102.12143},
  archiveprefix = {arXiv},
  primaryclass  = {hep-ph},
  month         = {2},
  year          = {2021}
}

@article{Lucente:2021hbp,
  author        = {Lucente, Giuseppe and Carenza, Pierluca},
  title         = {{Supernova bound on Axion-Like Particles coupled with electrons}},
  eprint        = {2107.12393},
  archiveprefix = {arXiv},
  primaryclass  = {hep-ph},
  month         = {7},
  year          = {2021}
}

@article{Dent:2019ueq,
  author        = {Dent, James B. and Dutta, Bhaskar and Kim, Doojin and Liao, Shu and Mahapatra, Rupak and Sinha, Kuver and Thompson, Adrian},
  title         = {{New Directions for Axion Searches via Scattering at Reactor Neutrino Experiments}},
  eprint        = {1912.05733},
  archiveprefix = {arXiv},
  primaryclass  = {hep-ph},
  doi           = {10.1103/PhysRevLett.124.211804},
  journal       = {Phys. Rev. Lett.},
  volume        = {124},
  number        = {21},
  pages         = {211804},
  year          = {2020}
}

@article{Berlin:2018bsc,
  author        = {Berlin, Asher and Blinov, Nikita and Krnjaic, Gordan and Schuster, Philip and Toro, Natalia},
  title         = {{Dark Matter, Millicharges, Axion and Scalar Particles, Gauge Bosons, and Other New Physics with LDMX}},
  eprint        = {1807.01730},
  archiveprefix = {arXiv},
  primaryclass  = {hep-ph},
  reportnumber  = {FERMILAB-PUB-18-310-A, SLAC-PUB-17297},
  doi           = {10.1103/PhysRevD.99.075001},
  journal       = {Phys. Rev. D},
  volume        = {99},
  number        = {7},
  pages         = {075001},
  year          = {2019}
}

@article{EDELWEISS:2018tde,
  author        = {Armengaud, E. and others},
  collaboration = {EDELWEISS},
  title         = {{Searches for electron interactions induced by new physics in the EDELWEISS-III Germanium bolometers}},
  eprint        = {1808.02340},
  archiveprefix = {arXiv},
  primaryclass  = {hep-ex},
  doi           = {10.1103/PhysRevD.98.082004},
  journal       = {Phys. Rev. D},
  volume        = {98},
  number        = {8},
  pages         = {082004},
  year          = {2018}
}

@article{Fortin:2021cog,
  author        = {Fortin, Jean-Fran\c{c}ois and Guo, Huai-Ke and Harris, Steven P. and Kim, Doojin and Sinha, Kuver and Sun, Chen},
  title         = {{Axions: From magnetars and neutron star mergers to beam dumps and BECs}},
  eprint        = {2102.12503},
  archiveprefix = {arXiv},
  primaryclass  = {hep-ph},
  reportnumber  = {MI-TH-214,INT-PUB-21-004},
  doi           = {10.1142/S0218271821300020},
  journal       = {Int. J. Mod. Phys. D},
  volume        = {30},
  number        = {07},
  pages         = {2130002},
  year          = {2021}
}

@article{Guerrera:2021yss,
  author        = {Guerrera, Alfredo Walter Mario and Rigolin, Stefano},
  title         = {{Revisiting $K\rightarrow \pi a$ decays}},
  eprint        = {2106.05910},
  archiveprefix = {arXiv},
  primaryclass  = {hep-ph},
  month         = {6},
  year          = {2021}
}

@article{Aditya:2012ay,
  author        = {Aditya, Y.G. and Healey, Kristopher J. and Petrov, Alexey A.},
  journal       = {Phys. Lett. B},
  title         = {{Searching for super-WIMPs in leptonic heavy meson decays}},
  year          = {2012},
  pages         = {118--124},
  volume        = {710},
  archiveprefix = {arXiv},
  doi           = {10.1016/j.physletb.2012.02.042},
  eprint        = {1201.1007},
  primaryclass  = {hep-ph},
  reportnumber  = {WSU-HEP-1201, WSU--HEP--1201}
}
@article{Hazard:2016fnc,
  author        = {Hazard, Derek E. and Petrov, Alexey A.},
  journal       = {Phys. Rev. D},
  title         = {{Lepton flavor violating quarkonium decays}},
  year          = {2016},
  number        = {7},
  pages         = {074023},
  volume        = {94},
  archiveprefix = {arXiv},
  doi           = {10.1103/PhysRevD.94.074023},
  eprint        = {1607.00815},
  primaryclass  = {hep-ph},
  reportnumber  = {WSU-HEP-1603, SI-HEP-2016-19}
}
@article{Szczepaniak:1990dt,
  author       = {Szczepaniak, Adam and Henley, Ernest M. and Brodsky, Stanley J.},
  journal      = {Phys. Lett. B},
  title        = {{Perturbative \{QCD\} Effects in Heavy Meson Decays}},
  year         = {1990},
  pages        = {287--292},
  volume       = {243},
  doi          = {10.1016/0370-2693(90)90853-X},
  reportnumber = {SLAC-PUB-5228}
}
@article{Merlo:2019anv,
  author        = {Merlo, L. and Pobbe, F. and Rigolin, S. and Sumensari, O.},
  journal       = {JHEP},
  title         = {{Revisiting the production of ALPs at B-factories}},
  year          = {2019},
  pages         = {091},
  volume        = {06},
  archiveprefix = {arXiv},
  doi           = {10.1007/JHEP06(2019)091},
  eprint        = {1905.03259},
  primaryclass  = {hep-ph},
  reportnumber  = {IFT-UAM/CISC-19-56, FTUAM-19-8}
}
@article{Gavela:2019wzg,
  author        = {Gavela, M.B. and Houtz, R. and Quilez, P. and Del Rey, R. and Sumensari, O.},
  journal       = {Eur. Phys. J. C},
  title         = {{Flavor constraints on electroweak ALP couplings}},
  year          = {2019},
  number        = {5},
  pages         = {369},
  volume        = {79},
  archiveprefix = {arXiv},
  doi           = {10.1140/epjc/s10052-019-6889-y},
  eprint        = {1901.02031},
  primaryclass  = {hep-ph}
}

@article{Bauer:2017ris,
  author        = {Bauer, Martin and Neubert, Matthias and Thamm, Andrea},
  journal       = {JHEP},
  title         = {{Collider Probes of Axion-Like Particles}},
  year          = {2017},
  pages         = {044},
  volume        = {12},
  archiveprefix = {arXiv},
  doi           = {10.1007/JHEP12(2017)044},
  eprint        = {1708.00443},
  primaryclass  = {hep-ph},
  reportnumber  = {MITP-17-047}
}
@article{Wang:2008xt,
  author        = {Wang, Wei and Shen, Yue-Long and Lu, Cai-Dian},
  journal       = {Phys. Rev. D},
  title         = {{Covariant Light-Front Approach for B(c) transition form factors}},
  year          = {2009},
  pages         = {054012},
  volume        = {79},
  archiveprefix = {arXiv},
  doi           = {10.1103/PhysRevD.79.054012},
  eprint        = {0811.3748},
  primaryclass  = {hep-ph}
}
@article{Carrasco:2016kpy,
  author        = {Carrasco, N. and Lami, P. and Lubicz, V. and Riggio, L. and Simula, S. and Tarantino, C.},
  journal       = {Phys. Rev. D},
  title         = {{$K \to \pi$ semileptonic form factors with $N_f=2+1+1$ twisted mass fermions}},
  year          = {2016},
  number        = {11},
  pages         = {114512},
  volume        = {93},
  archiveprefix = {arXiv},
  doi           = {10.1103/PhysRevD.93.114512},
  eprint        = {1602.04113},
  primaryclass  = {hep-lat},
  reportnumber  = {PREPRINT-RM3-TH-16-2}
}
@article{Ball:2004ye,
  author        = {Ball, Patricia and Zwicky, Roman},
  journal       = {Phys. Rev. D},
  title         = {{New results on $B \to \pi, K, \eta$ decay formfactors from light-cone sum rules}},
  year          = {2005},
  pages         = {014015},
  volume        = {71},
  archiveprefix = {arXiv},
  doi           = {10.1103/PhysRevD.71.014015},
  eprint        = {hep-ph/0406232},
  reportnumber  = {IPPP-04-23, DCPT-04-46, TPI-MINN-04-25}
}
@article{Izaguirre:2016dfi,
  author        = {Izaguirre, Eder and Lin, Tongyan and Shuve, Brian},
  journal       = {Phys. Rev. Lett.},
  title         = {{Searching for Axionlike Particles in Flavor-Changing Neutral Current Processes}},
  year          = {2017},
  number        = {11},
  pages         = {111802},
  volume        = {118},
  archiveprefix = {arXiv},
  doi           = {10.1103/PhysRevLett.118.111802},
  eprint        = {1611.09355},
  primaryclass  = {hep-ph},
  reportnumber  = {SLAC-PUB-16876}
}
@article{Feng:1997tn,
  author        = {Feng, Jonathan L. and Moroi, Takeo and Murayama, Hitoshi and Schnapka, Erhard},
  journal       = {Phys. Rev. D},
  title         = {{Third generation familons, b factories, and neutrino cosmology}},
  year          = {1998},
  pages         = {5875--5892},
  volume        = {57},
  archiveprefix = {arXiv},
  doi           = {10.1103/PhysRevD.57.5875},
  eprint        = {hep-ph/9709411},
  reportnumber  = {LBL-40822-REV, LBNL-40822-REV, UCB-PTH-97-47-REV, LBNL-40822, UCB-PTH-97-47}
}
@article{Lepage:1980fj,
  author       = {Lepage, G.Peter and Brodsky, Stanley J.},
  journal      = {Phys. Rev. D},
  title        = {{Exclusive Processes in Perturbative Quantum Chromodynamics}},
  year         = {1980},
  pages        = {2157},
  volume       = {22},
  doi          = {10.1103/PhysRevD.22.2157},
  reportnumber = {SLAC-PUB-2478}
}
@article{Wang:2008ci,
  author  = {Wang, Wei and Shen, Yue-Long},
  journal = {Phys. Rev. D},
  title   = {{Ds --\ensuremath{>} K, K*, phi form factors in the Covariant Light-Front Approach and Exclusive Ds Decays}},
  year    = {2008},
  pages   = {054002},
  volume  = {78},
  doi     = {10.1103/PhysRevD.78.054002}
}
@article{Cooper:2020wnj,
  author        = {Cooper, Laurence J. and Davies, Christine T.H. and Harrison, Judd and Komijani, Javad and Wingate, Matthew},
  journal       = {Phys. Rev. D},
  title         = {{$B_c \to B_{s(d)}$ form factors from lattice QCD}},
  year          = {2020},
  number        = {1},
  pages         = {014513},
  volume        = {102},
  archiveprefix = {arXiv},
  collaboration = {HPQCD},
  doi           = {10.1103/PhysRevD.102.014513},
  eprint        = {2003.00914},
  primaryclass  = {hep-lat}
}
@article{Issadykov:2015iba,
  author        = {Issadykov, Aidos and Ivanov, Mikhail A. and Sakhiyev, Sayabek K.},
  journal       = {Phys. Rev. D},
  title         = {{Form factors of the B-S-transitions in the covariant quark model}},
  year          = {2015},
  number        = {7},
  pages         = {074007},
  volume        = {91},
  archiveprefix = {arXiv},
  doi           = {10.1103/PhysRevD.91.074007},
  eprint        = {1502.05280},
  primaryclass  = {hep-ph}
}
@article{Lubicz:2017syv,
  author        = {Lubicz, V. and Riggio, L. and Salerno, G. and Simula, S. and Tarantino, C.},
  journal       = {Phys. Rev.},
  title         = {{Scalar and vector form factors of $D \to \pi(K) \ell \nu$ decays with $N_f=2+1+1$ twisted fermions}},
  year          = {2017},
  note          = {[erratum: Phys. Rev.D99,no.9,099902(2019); Erratum: Phys. Rev.D100,no.7,079901(2019)]},
  number        = {5},
  pages         = {054514},
  volume        = {D96},
  archiveprefix = {arXiv},
  collaboration = {ETM},
  doi           = {10.1103/PhysRevD.100.079901, 10.1103/PhysRevD.96.054514,
                   10.1103/PhysRevD.99.099902},
  eprint        = {1706.03017},
  primaryclass  = {hep-lat},
  reportnumber  = {PREPRINT-RM3-TH-17-6, preprint RM3-TH/17-6},
  slaccitation  = {%%CITATION = ARXIV:1706.03017;%%}
}
@article{Peccei1977,
  author    = {Peccei, R. D. and Quinn, Helen R.},
  journal   = {Phys. Rev. D},
  title     = {Constraints imposed by $\mathrm{CP}$ conservation in the presence of pseudoparticles},
  year      = {1977},
  month     = {Sep},
  pages     = {1791--1797},
  volume    = {16},
  doi       = {10.1103/PhysRevD.16.1791},
  groups    = {Strong CP problem},
  issue     = {6},
  numpages  = {0},
  publisher = {American Physical Society},
  url       = {https://link.aps.org/doi/10.1103/PhysRevD.16.1791}
}
@article{Peccei:1977hh,
  author       = {Peccei, R.D. and Quinn, Helen R.},
  journal      = {Phys. Rev. Lett.},
  title        = {{CP Conservation in the Presence of Instantons}},
  year         = {1977},
  pages        = {1440--1443},
  volume       = {38},
  doi          = {10.1103/PhysRevLett.38.1440},
  groups       = {Strong CP problem},
  reportnumber = {ITP-568-STANFORD}
}
@article{Weinberg:1977ma,
  author    = {Weinberg, Steven},
  journal   = {Phys. Rev. Lett.},
  title     = {A New Light Boson?},
  year      = {1978},
  month     = {Jan},
  pages     = {223--226},
  volume    = {40},
  doi       = {10.1103/PhysRevLett.40.223},
  groups    = {Strong CP problem},
  issue     = {4},
  numpages  = {0},
  publisher = {American Physical Society},
  url       = {https://link.aps.org/doi/10.1103/PhysRevLett.40.223}
}
@article{Wilczek:1977pj,
  author    = {Wilczek, F.},
  journal   = {Phys. Rev. Lett.},
  title     = {Problem of Strong $P$ and $T$ Invariance in the Presence of Instantons},
  year      = {1978},
  month     = {Jan},
  pages     = {279--282},
  volume    = {40},
  doi       = {10.1103/PhysRevLett.40.279},
  groups    = {Strong CP problem},
  issue     = {5},
  numpages  = {0},
  publisher = {American Physical Society},
  url       = {https://link.aps.org/doi/10.1103/PhysRevLett.40.279}
}
@article{Nomura:2008ru,
  author        = {Nomura, Yasunori and Thaler, Jesse},
  journal       = {Phys. Rev. D},
  title         = {{Dark Matter through the Axion Portal}},
  year          = {2009},
  pages         = {075008},
  volume        = {79},
  archiveprefix = {arXiv},
  doi           = {10.1103/PhysRevD.79.075008},
  eprint        = {0810.5397},
  groups        = {DM-Portal},
  primaryclass  = {hep-ph}
}
@article{Freytsis:2010ne,
  author        = {Freytsis, Marat and Ligeti, Zoltan},
  journal       = {Phys. Rev. D},
  title         = {{On dark matter models with uniquely spin-dependent detection possibilities}},
  year          = {2011},
  pages         = {115009},
  volume        = {83},
  archiveprefix = {arXiv},
  doi           = {10.1103/PhysRevD.83.115009},
  eprint        = {1012.5317},
  groups        = {DM-Portal},
  primaryclass  = {hep-ph}
}
@article{Dolan:2014ska,
  author        = {Dolan, Matthew J. and Kahlhoefer, Felix and McCabe, Christopher and Schmidt-Hoberg, Kai},
  journal       = {JHEP},
  title         = {{A taste of dark matter: Flavour constraints on pseudoscalar mediators}},
  year          = {2015},
  note          = {[Erratum: JHEP 07, 103 (2015)]},
  pages         = {171},
  volume        = {03},
  archiveprefix = {arXiv},
  doi           = {10.1007/JHEP03(2015)171},
  eprint        = {1412.5174},
  groups        = {DM-Portal},
  primaryclass  = {hep-ph},
  reportnumber  = {DESY-14-238, SLAC-PUB-16179}
}

@article{Hochberg:2018rjs,
  author        = {Hochberg, Yonit and Kuflik, Eric and Mcgehee, Robert and Murayama, Hitoshi and Schutz, Katelin},
  journal       = {Phys. Rev. D},
  title         = {{Strongly interacting massive particles through the axion portal}},
  year          = {2018},
  number        = {11},
  pages         = {115031},
  volume        = {98},
  archiveprefix = {arXiv},
  doi           = {10.1103/PhysRevD.98.115031},
  eprint        = {1806.10139},
  groups        = {DM-Portal},
  primaryclass  = {hep-ph},
  reportnumber  = {DESY-18-101, IPMU18-0114}
}
@article{Aloni:2018vki,
  author        = {Aloni, Daniel and Soreq, Yotam and Williams, Mike},
  journal       = {Phys. Rev. Lett.},
  title         = {{Coupling QCD-Scale Axionlike Particles to Gluons}},
  year          = {2019},
  number        = {3},
  pages         = {031803},
  volume        = {123},
  archiveprefix = {arXiv},
  doi           = {10.1103/PhysRevLett.123.031803},
  eprint        = {1811.03474},
  primaryclass  = {hep-ph},
  reportnumber  = {CERN-TH-2018-237, MIT-CTP/5080, MIT-CTP-5080}
}
@article{Kamionkowski:1992mf,
  author        = {Kamionkowski, Marc and March-Russell, John},
  journal       = {Phys. Lett. B},
  title         = {{Planck scale physics and the Peccei-Quinn mechanism}},
  year          = {1992},
  pages         = {137--141},
  volume        = {282},
  archiveprefix = {arXiv},
  doi           = {10.1016/0370-2693(92)90492-M},
  eprint        = {hep-th/9202003},
  groups        = {Axion Quality},
  reportnumber  = {IASSNS-HEP-92-9, PUPT-92-1309}
}
@article{Barr:1992qq,
  author    = {Barr, S. M. and Seckel, D.},
  journal   = {Phys. Rev. D},
  title     = {Planck-scale corrections to axion models},
  year      = {1992},
  month     = {Jul},
  pages     = {539--549},
  volume    = {46},
  doi       = {10.1103/PhysRevD.46.539},
  groups    = {Axion Quality},
  issue     = {2},
  numpages  = {0},
  publisher = {American Physical Society},
  url       = {https://link.aps.org/doi/10.1103/PhysRevD.46.539}
}
@article{Ghigna:1992iv,
  author   = {S. Ghigna and M. Lusignoli and M. Roncadelli},
  journal  = {Physics Letters B},
  title    = {Instability of the invisible axion},
  year     = {1992},
  issn     = {0370-2693},
  number   = {3},
  pages    = {278 - 281},
  volume   = {283},
  abstract = {We show that small explicit violations of the Peccei-Quinn symmetry, such as cpuld be expected as remnants of physics at the Planck scale, have dramatic effects for invisible axion models.},
  doi      = {https://doi.org/10.1016/0370-2693(92)90019-Z},
  groups   = {Axion Quality},
  url      = {http://www.sciencedirect.com/science/article/pii/037026939290019Z}
}
@article{Holman:1992us,
  author        = {Holman, Richard and Hsu, Stephen D.H. and Kephart, Thomas W. and Kolb, Edward W. and Watkins, Richard and Widrow, Lawrence M.},
  journal       = {Phys. Lett. B},
  title         = {{Solutions to the strong CP problem in a world with gravity}},
  year          = {1992},
  pages         = {132--136},
  volume        = {282},
  archiveprefix = {arXiv},
  doi           = {10.1016/0370-2693(92)90491-L},
  eprint        = {hep-ph/9203206},
  groups        = {Axion Quality},
  reportnumber  = {NSF-ITP-92-06, CMU-HEP92-05, FERMILAB-PUB-92-034-A, HUTP-92-A011, VAND-TH-92-2}
}
@article{Hook:2019qoh,
  author        = {Hook, Anson and Kumar, Soubhik and Liu, Zhen and Sundrum, Raman},
  journal       = {Phys. Rev. Lett.},
  title         = {{High Quality QCD Axion and the LHC}},
  year          = {2020},
  number        = {22},
  pages         = {221801},
  volume        = {124},
  archiveprefix = {arXiv},
  doi           = {10.1103/PhysRevLett.124.221801},
  eprint        = {1911.12364},
  groups        = {Axion Quality},
  primaryclass  = {hep-ph},
  reportnumber  = {UMD-PP-019-07}
}

@article{MartinCamalich:2020dfe,
  author        = {Martin Camalich, Jorge and Pospelov, Maxim and Vuong, Pham Ngoc Hoa and Ziegler, Robert and Zupan, Jure},
  journal       = {Phys. Rev. D},
  title         = {{Quark Flavor Phenomenology of the QCD Axion}},
  year          = {2020},
  number        = {1},
  pages         = {015023},
  volume        = {102},
  archiveprefix = {arXiv},
  doi           = {10.1103/PhysRevD.102.015023},
  eprint        = {2002.04623},
  primaryclass  = {hep-ph}
}
@article{PhysRevLett.104.041301,
  author    = {Asztalos, S. J. and Carosi, G. and Hagmann, C. and Kinion, D. and van Bibber, K. and Hotz, M. and Rosenberg, L. J and Rybka, G. and Hoskins, J. and Hwang, J. and Sikivie, P. and Tanner, D. B. and Bradley, R. and Clarke, J.},
  journal   = {Phys. Rev. Lett.},
  title     = {SQUID-Based Microwave Cavity Search for Dark-Matter Axions},
  year      = {2010},
  month     = {Jan},
  pages     = {041301},
  volume    = {104},
  doi       = {10.1103/PhysRevLett.104.041301},
  groups    = {Haloscopes},
  issue     = {4},
  numpages  = {4},
  publisher = {American Physical Society},
  url       = {https://link.aps.org/doi/10.1103/PhysRevLett.104.041301}
}
@article{PhysRevLett.80.2043,
  author    = {Hagmann, C. and Kinion, D. and Stoeffl, W. and van Bibber, K. and Daw, E. and Peng, H. and Rosenberg, Leslie J and LaVeigne, J. and Sikivie, P. and Sullivan, N. S. and Tanner, D. B. and Nezrick, F. and Turner, Michael S. and Moltz, D. M. and Powell, J. and Golubev, N. A.},
  journal   = {Phys. Rev. Lett.},
  title     = {Results from a High-Sensitivity Search for Cosmic Axions},
  year      = {1998},
  month     = {Mar},
  pages     = {2043--2046},
  volume    = {80},
  doi       = {10.1103/PhysRevLett.80.2043},
  groups    = {Haloscopes},
  issue     = {10},
  numpages  = {0},
  publisher = {American Physical Society},
  url       = {https://link.aps.org/doi/10.1103/PhysRevLett.80.2043}
}
@article{Asztalos:2003px,
  author        = {Asztalos, S.J. and others},
  journal       = {Phys. Rev. D},
  title         = {{An Improved RF cavity search for halo axions}},
  year          = {2004},
  pages         = {011101},
  volume        = {69},
  archiveprefix = {arXiv},
  collaboration = {ADMX},
  doi           = {10.1103/PhysRevD.69.011101},
  eprint        = {astro-ph/0310042},
  groups        = {Haloscopes}
}
@article{Brubaker:2016ktl,
  author        = {Brubaker, B.M. and others},
  journal       = {Phys. Rev. Lett.},
  title         = {{First results from a microwave cavity axion search at 24 $\mu$eV}},
  year          = {2017},
  number        = {6},
  pages         = {061302},
  volume        = {118},
  archiveprefix = {arXiv},
  doi           = {10.1103/PhysRevLett.118.061302},
  eprint        = {1610.02580},
  groups        = {Haloscopes},
  primaryclass  = {astro-ph.CO}
}
@article{McAllister:2017lkb,
  author        = {McAllister, Ben T. and Flower, Graeme and Ivanov, Eugene N. and Goryachev, Maxim and Bourhill, Jeremy and Tobar, Michael E.},
  journal       = {Phys. Dark Univ.},
  title         = {{The ORGAN Experiment: An axion haloscope above 15 GHz}},
  year          = {2017},
  pages         = {67--72},
  volume        = {18},
  archiveprefix = {arXiv},
  doi           = {10.1016/j.dark.2017.09.010},
  eprint        = {1706.00209},
  groups        = {Haloscopes},
  primaryclass  = {physics.ins-det}
}
@article{TheMADMAXWorkingGroup:2016hpc,
  author        = {Caldwell, Allen and Dvali, Gia and Majorovits, B\'ela and Millar, Alexander and Raffelt, Georg and Redondo, Javier and Reimann, Olaf and Simon, Frank and Steffen, Frank},
  journal       = {Phys. Rev. Lett.},
  title         = {{Dielectric Haloscopes: A New Way to Detect Axion Dark Matter}},
  year          = {2017},
  number        = {9},
  pages         = {091801},
  volume        = {118},
  archiveprefix = {arXiv},
  collaboration = {MADMAX Working Group},
  doi           = {10.1103/PhysRevLett.118.091801},
  eprint        = {1611.05865},
  groups        = {Haloscopes},
  primaryclass  = {physics.ins-det}
}
@article{Brun:2019lyf,
  author        = {Brun, P. and others},
  journal       = {Eur. Phys. J. C},
  title         = {{A new experimental approach to probe QCD axion dark matter in the mass range above 40 $\mu$eV}},
  year          = {2019},
  number        = {3},
  pages         = {186},
  volume        = {79},
  archiveprefix = {arXiv},
  collaboration = {MADMAX},
  doi           = {10.1140/epjc/s10052-019-6683-x},
  eprint        = {1901.07401},
  groups        = {Haloscopes},
  primaryclass  = {physics.ins-det},
  reportnumber  = {DESY-19-011}
}
@article{Anastassopoulos:2017ftl,
  author        = {Anastassopoulos, V. and others},
  journal       = {Nature Phys.},
  title         = {{New CAST Limit on the Axion-Photon Interaction}},
  year          = {2017},
  pages         = {584--590},
  volume        = {13},
  archiveprefix = {arXiv},
  collaboration = {CAST},
  doi           = {10.1038/nphys4109},
  eprint        = {1705.02290},
  groups        = {Helioscopes},
  primaryclass  = {hep-ex}
}
@techreport{Irastorza:1567109,
  author        = {Irastorza, Igor G and Armengaud, E. and Avignone, F. T. and Betz, M. and Brax, P. and Brun, P. and Cantatore, G. and Carmona, J. M. and Carosi, G. P. and Caspers, F. and Caspi, S. and Cetin, S. A. and Chelouche, D. and Christensen, F. E. and Dael, A. and Dafni, T. and Davenport, M. and Derbin, A.V. and Desch, K. and Diago, A. and Dobrich, B. D. and Dratchnev, I. and Dudarev, A. and Eleftheriadis, C. and Fanourakis, G. and Ferrer-Ribas, E. and Galan, J. and Garcia, J. A. and Garza, J. G. and Geralis, T. and Gimeno, B. and Giomataris, I. and Gninenko, S. and Gomez, H. and Gonzalez-Diaz, D. and Guendelman, E. and Hailey, C. J. and Hiramatsu, T. and Hoffmann, D. H. H. and Horns, D. and Iguaz, F. J. and Isern, J. and Imai, K. and Jakobsen, A. C. and Jaeckel, J. and Jakovcic, K. and Kaminski, J. and Kawasaki, M. and Karuza, M. and Krcmar, M. and Kousouris, K. and Krieger, C. and Lakic, B. and Limousin, O. and Lindner, A. and Liolios, A. and Luzon, G. and Matsuki, S. and Muratova, V. N. and Nones,
                   C. and Ortega, I. and Papaevangelou, T. and Pivovaroff, M. J. and Raffelt, G. and Redondo, J. and Ringwald, A. and Russenschuck, S. and Ruz, J. and Saikawa, K. and Savvidis, I. and Sekiguchi, T. and Semertzidis, Y. K. and Shilon, I. and Sikivie, P. and Silva, H. and Kate, H. ten and Tomas, A. and Troitsky, S. and Vafeiadis, T. and van Bibber, K. and Vedrine, P. and Villar, J. A. and Vogel, J. K. and Walckiers, L. and Weltman, A. and Wester, W. and Yildiz, S. C. and Zioutas, K.},
  institution   = {CERN},
  title         = {{The International Axion Observatory IAXO. Letter of Intent to the CERN SPS committee}},
  year          = {2013},
  address       = {Geneva},
  month         = {Aug},
  number        = {CERN-SPSC-2013-022. SPSC-I-242},
  collaboration = {IAXO Collaboration},
  groups        = {Helioscopes},
  reportnumber  = {CERN-SPSC-2013-022},
  url           = {https://cds.cern.ch/record/1567109}
}
@article{Aprile:2014eoa,
  author        = {Aprile, E. and others},
  journal       = {Phys. Rev. D},
  title         = {{First Axion Results from the XENON100 Experiment}},
  year          = {2014},
  note          = {[Erratum: Phys.Rev.D 95, 029904 (2017)]},
  number        = {6},
  pages         = {062009},
  volume        = {90},
  archiveprefix = {arXiv},
  collaboration = {XENON100},
  doi           = {10.1103/PhysRevD.90.062009},
  eprint        = {1404.1455},
  groups        = {Helioscopes},
  primaryclass  = {astro-ph.CO}
}
@article{Kim:1979if,
  author    = {Kim, Jihn E.},
  journal   = {Phys. Rev. Lett.},
  title     = {Weak-Interaction Singlet and Strong $\mathrm{CP}$ Invariance},
  year      = {1979},
  month     = {Jul},
  pages     = {103--107},
  volume    = {43},
  doi       = {10.1103/PhysRevLett.43.103},
  groups    = {KSVZ},
  issue     = {2},
  numpages  = {0},
  publisher = {American Physical Society},
  url       = {https://link.aps.org/doi/10.1103/PhysRevLett.43.103}
}
@article{Shifman:1979if,
  author   = {M.A. Shifman and A.I. Vainshtein and V.I. Zakharov},
  journal  = {Nuclear Physics B},
  title    = {Can confinement ensure natural CP invariance of strong interactions?},
  year     = {1980},
  issn     = {0550-3213},
  number   = {3},
  pages    = {493 - 506},
  volume   = {166},
  abstract = {P- and T-invariance violation in quantum chromodynamics due to the so-called θ-term is discussed. It is shown that irrespectively of how the confinement works there emerge observable P- and T-odd effects. The proof is based on the assumption that QCD resolves the U(1) problem, i.e., the mass of the singlet pseudoscalar meson does not vanish in the chiral limit. We suggest a modification of the axion scheme which restores the natural P and T invariance of the theory and cannot be ruled out experimentally.},
  doi      = {https://doi.org/10.1016/0550-3213(80)90209-6},
  groups   = {KSVZ},
  url      = {http://www.sciencedirect.com/science/article/pii/0550321380902096}
}
@article{Dine:1981rt,
  author   = {Michael Dine and Willy Fischler and Mark Srednicki},
  journal  = {Physics Letters B},
  title    = {A simple solution to the strong CP problem with a harmless axion},
  year     = {1981},
  issn     = {0370-2693},
  number   = {3},
  pages    = {199 - 202},
  volume   = {104},
  abstract = {We describe a simple generalization of the Peccei-Quinn mechanism which eliminates the strong CP problem at the cost of a very light, very weakly coupled axion. The mechanism requires no new fermions and is easily implemented in grand unified theories.},
  doi      = {https://doi.org/10.1016/0370-2693(81)90590-6},
  groups   = {DFSZ},
  url      = {http://www.sciencedirect.com/science/article/pii/0370269381905906}
}
@article{Zhitnitsky:1980tq,
  author  = {Zhitnitsky, A.R.},
  journal = {Sov. J. Nucl. Phys.},
  title   = {{On Possible Suppression of the Axion Hadron Interactions. (In Russian)}},
  year    = {1980},
  pages   = {260},
  volume  = {31},
  groups  = {DFSZ}
}
@article{Ertas:2020xcc,
  author        = {Ertas, Fatih and Kahlhoefer, Felix},
  journal       = {JHEP},
  title         = {{On the interplay between astrophysical and laboratory probes of MeV-scale axion-like particles}},
  year          = {2020},
  pages         = {050},
  volume        = {07},
  archiveprefix = {arXiv},
  doi           = {10.1007/JHEP07(2020)050},
  eprint        = {2004.01193},
  primaryclass  = {hep-ph},
  reportnumber  = {TTK-20-08}
}
@article{Cornella:2019uxs,
  author        = {Cornella, Claudia and Paradisi, Paride and Sumensari, Olcyr},
  journal       = {JHEP},
  title         = {{Hunting for ALPs with Lepton Flavor Violation}},
  year          = {2020},
  pages         = {158},
  volume        = {01},
  archiveprefix = {arXiv},
  doi           = {10.1007/JHEP01(2020)158},
  eprint        = {1911.06279},
  primaryclass  = {hep-ph},
  reportnumber  = {ZU-TH 46/19}
}
@article{NA62:2017rwk,
  author        = {Cortina Gil, Eduardo and others},
  journal       = {JINST},
  title         = {{The Beam and detector of the NA62 experiment at CERN}},
  year          = {2017},
  number        = {05},
  pages         = {P05025},
  volume        = {12},
  archiveprefix = {arXiv},
  collaboration = {NA62},
  doi           = {10.1088/1748-0221/12/05/P05025},
  eprint        = {1703.08501},
  groups        = {Beam Experiments},
  primaryclass  = {physics.ins-det}
}
@article{Adler:2008zza,
  author        = {Adler, S. and others},
  journal       = {Phys. Rev. D},
  title         = {{Measurement of the K+ --\ensuremath{>} pi+ nu nu branching ratio}},
  year          = {2008},
  pages         = {052003},
  volume        = {77},
  archiveprefix = {arXiv},
  collaboration = {E949, E787},
  doi           = {10.1103/PhysRevD.77.052003},
  eprint        = {0709.1000},
  groups        = {Beam Experiments},
  primaryclass  = {hep-ex},
  reportnumber  = {BNL-79257-2007-JA, KEK-2007-34, TRI-PP-07-18, TUHEP-EX-07-002, FERMILAB-PUB-08-065-CD-E}
}
@article{Aubert:2004ws,
  author        = {Aubert, Bernard and others},
  journal       = {Phys. Rev. Lett.},
  title         = {{A search for the decay $B^+ \to K^+ \nu \bar{\nu}$}},
  year          = {2005},
  pages         = {101801},
  volume        = {94},
  archiveprefix = {arXiv},
  collaboration = {BaBar},
  doi           = {10.1103/PhysRevLett.94.101801},
  eprint        = {hep-ex/0411061},
  groups        = {Beam Experiments},
  reportnumber  = {SLAC-PUB-10860, BABAR-PUB-04-036}
}

@article{Lees:2013kla,
  author        = {Lees, J.P. and others},
  journal       = {Phys. Rev. D},
  title         = {{Search for $B \to K^{(*)} \nu \overline \nu$ and invisible quarkonium decays}},
  year          = {2013},
  number        = {11},
  pages         = {112005},
  volume        = {87},
  archiveprefix = {arXiv},
  collaboration = {BaBar},
  doi           = {10.1103/PhysRevD.87.112005},
  eprint        = {1303.7465},
  groups        = {Beam Experiments},
  primaryclass  = {hep-ex},
  reportnumber  = {BABAR-CONF-13-002, SLAC-PUB-15411, BABAR-PUB-13-002}
}
@article{Mimasu:2014nea,
  author        = {Mimasu, Ken and Sanz, Ver\'onica},
  journal       = {JHEP},
  title         = {{ALPs at Colliders}},
  year          = {2015},
  pages         = {173},
  volume        = {06},
  archiveprefix = {arXiv},
  doi           = {10.1007/JHEP06(2015)173},
  eprint        = {1409.4792},
  primaryclass  = {hep-ph}
}
@article{Jaeckel:2015jla,
  author        = {Jaeckel, Joerg and Spannowsky, Michael},
  journal       = {Phys. Lett. B},
  title         = {{Probing MeV to 90 GeV axion-like particles with LEP and LHC}},
  year          = {2016},
  pages         = {482--487},
  volume        = {753},
  archiveprefix = {arXiv},
  doi           = {10.1016/j.physletb.2015.12.037},
  eprint        = {1509.00476},
  primaryclass  = {hep-ph}
}
@article{Brivio:2017ije,
  author        = {Brivio, I. and Gavela, M.B. and Merlo, L. and Mimasu, K. and No, J.M. and del Rey, R. and Sanz, V.},
  journal       = {Eur. Phys. J. C},
  title         = {{ALPs Effective Field Theory and Collider Signatures}},
  year          = {2017},
  number        = {8},
  pages         = {572},
  volume        = {77},
  archiveprefix = {arXiv},
  doi           = {10.1140/epjc/s10052-017-5111-3},
  eprint        = {1701.05379},
  primaryclass  = {hep-ph},
  reportnumber  = {IFT-UAM-CSIC-16-141, KCL-PH-TH-2016-72, FTUAM-16-49, CP3-17-04}
}
@article{Alonso-Alvarez:2018irt,
  author        = {Alonso-\'Alvarez, G. and Gavela, M.B. and Quilez, P.},
  journal       = {Eur. Phys. J. C},
  title         = {{Axion couplings to electroweak gauge bosons}},
  year          = {2019},
  number        = {3},
  pages         = {223},
  volume        = {79},
  archiveprefix = {arXiv},
  doi           = {10.1140/epjc/s10052-019-6732-5},
  eprint        = {1811.05466},
  primaryclass  = {hep-ph},
  reportnumber  = {IFT-UAM/CSIC-18-110, FTUAM-18-25}
}
@article{Harland-Lang:2019zur,
  author        = {Harland-Lang, Lucian and Jaeckel, Joerg and Spannowsky, Michael},
  journal       = {Phys. Lett. B},
  title         = {{A fresh look at ALP searches in fixed target experiments}},
  year          = {2019},
  pages         = {281--289},
  volume        = {793},
  archiveprefix = {arXiv},
  doi           = {10.1016/j.physletb.2019.04.045},
  eprint        = {1902.04878},
  primaryclass  = {hep-ph},
  reportnumber  = {IPPP-19-10, IPPP/19/10}
}
@article{Baldenegro:2018hng,
  author        = {Baldenegro, Cristian and Fichet, Sylvain and von Gersdorff, Gero and Royon, Christophe},
  journal       = {JHEP},
  title         = {{Searching for axion-like particles with proton tagging at the LHC}},
  year          = {2018},
  pages         = {131},
  volume        = {06},
  archiveprefix = {arXiv},
  doi           = {10.1007/JHEP06(2018)131},
  eprint        = {1803.10835},
  primaryclass  = {hep-ph}
}
@article{Cadamuro:2011fd,
  author        = {Cadamuro, Davide and Redondo, Javier},
  journal       = {JCAP},
  title         = {{Cosmological bounds on pseudo Nambu-Goldstone bosons}},
  year          = {2012},
  pages         = {032},
  volume        = {02},
  archiveprefix = {arXiv},
  doi           = {10.1088/1475-7516/2012/02/032},
  eprint        = {1110.2895},
  primaryclass  = {hep-ph},
  reportnumber  = {MPP-2011-116}
}

@article{Millea:2015qra,
  author        = {Millea, Marius and Knox, Lloyd and Fields, Brian},
  journal       = {Phys. Rev. D},
  title         = {{New Bounds for Axions and Axion-Like Particles with keV-GeV Masses}},
  year          = {2015},
  number        = {2},
  pages         = {023010},
  volume        = {92},
  archiveprefix = {arXiv},
  doi           = {10.1103/PhysRevD.92.023010},
  eprint        = {1501.04097},
  primaryclass  = {astro-ph.CO}
}
@article{DiLuzio:2016sbl,
  author        = {Di Luzio, Luca and Mescia, Federico and Nardi, Enrico},
  journal       = {Phys. Rev. Lett.},
  title         = {{Redefining the Axion Window}},
  year          = {2017},
  number        = {3},
  pages         = {031801},
  volume        = {118},
  archiveprefix = {arXiv},
  doi           = {10.1103/PhysRevLett.118.031801},
  eprint        = {1610.07593},
  primaryclass  = {hep-ph},
  reportnumber  = {IPPP-16-99}
}
@article{Irastorza:2018dyq,
  author        = {Irastorza, Igor G. and Redondo, Javier},
  journal       = {Prog. Part. Nucl. Phys.},
  title         = {{New experimental approaches in the search for axion-like particles}},
  year          = {2018},
  pages         = {89--159},
  volume        = {102},
  archiveprefix = {arXiv},
  doi           = {10.1016/j.ppnp.2018.05.003},
  eprint        = {1801.08127},
  primaryclass  = {hep-ph}
}
@inproceedings{Essig:2013lka,
  author        = {Essig, Rouven and others},
  booktitle     = {{Community Summer Study 2013}: {Snowmass on the Mississippi}},
  title         = {{Working Group Report: New Light Weakly Coupled Particles}},
  year          = {2013},
  month         = {10},
  archiveprefix = {arXiv},
  eprint        = {1311.0029},
  primaryclass  = {hep-ph},
  reportnumber  = {YITP-SB-36}
}
@article{Alekhin:2015byh,
  author        = {Alekhin, Sergey and others},
  journal       = {Rept. Prog. Phys.},
  title         = {{A facility to Search for Hidden Particles at the CERN SPS: the SHiP physics case}},
  year          = {2016},
  number        = {12},
  pages         = {124201},
  volume        = {79},
  archiveprefix = {arXiv},
  doi           = {10.1088/0034-4885/79/12/124201},
  eprint        = {1504.04855},
  primaryclass  = {hep-ph},
  reportnumber  = {CERN-SPSC-2015-017, SPSC-P-350-ADD-1}
}

@article{Aaij:2015tna,
  author        = {Aaij, Roel and others},
  journal       = {Phys. Rev. Lett.},
  title         = {{Search for hidden-sector bosons in $B^0 \!\to K^{*0}\mu^+\mu^-$ decays}},
  year          = {2015},
  number        = {16},
  pages         = {161802},
  volume        = {115},
  archiveprefix = {arXiv},
  collaboration = {LHCb},
  doi           = {10.1103/PhysRevLett.115.161802},
  eprint        = {1508.04094},
  primaryclass  = {hep-ex},
  reportnumber  = {CERN-PH-EP-2015-202, LHCB-PAPER-2015-036}
}
@article{Aaij:2016qsm,
  author        = {Aaij, R. and others},
  journal       = {Phys. Rev. D},
  title         = {{Search for long-lived scalar particles in $B^+ \to K^+ \chi (\mu^+\mu^-)$ decays}},
  year          = {2017},
  number        = {7},
  pages         = {071101},
  volume        = {95},
  archiveprefix = {arXiv},
  collaboration = {LHCb},
  doi           = {10.1103/PhysRevD.95.071101},
  eprint        = {1612.07818},
  primaryclass  = {hep-ex},
  reportnumber  = {CERN-EP-2016-302, LHCB-PAPER-2016-052}
}
@article{Bevan:2014iga,
  author        = {Bevan, A.J. and others},
  journal       = {Eur. Phys. J. C},
  title         = {{The Physics of the B Factories}},
  year          = {2014},
  pages         = {3026},
  volume        = {74},
  archiveprefix = {arXiv},
  collaboration = {BaBar, Belle},
  doi           = {10.1140/epjc/s10052-014-3026-9},
  eprint        = {1406.6311},
  primaryclass  = {hep-ex},
  reportnumber  = {SLAC-PUB-15968, KEK-PREPRINT-2014-3, FERMILAB-PUB-14-262-T}
}
@article{Kou:2018nap,
  author        = {Altmannshofer, W. and others},
  journal       = {PTEP},
  title         = {{The Belle II Physics Book}},
  year          = {2019},
  note          = {[Erratum: PTEP 2020, 029201 (2020)]},
  number        = {12},
  pages         = {123C01},
  volume        = {2019},
  archiveprefix = {arXiv},
  collaboration = {Belle-II},
  doi           = {10.1093/ptep/ptz106},
  editor        = {Kou, E. and Urquijo, P.},
  eprint        = {1808.10567},
  primaryclass  = {hep-ex},
  reportnumber  = {KEK Preprint 2018-27, BELLE2-PUB-PH-2018-001, FERMILAB-PUB-18-398-T, JLAB-THY-18-2780, INT-PUB-18-047, UWThPh 2018-26}
}
@article{Masso:1995tw,
  author        = {Masso, Eduard and Toldra, Ramon},
  journal       = {Phys. Rev. D},
  title         = {{On a light spinless particle coupled to photons}},
  year          = {1995},
  pages         = {1755--1763},
  volume        = {52},
  archiveprefix = {arXiv},
  doi           = {10.1103/PhysRevD.52.1755},
  eprint        = {hep-ph/9503293},
  reportnumber  = {UAB-FT-361}
}
@article{Dolan:2017osp,
  author        = {Dolan, Matthew J. and Ferber, Torben and Hearty, Christopher and Kahlhoefer, Felix and Schmidt-Hoberg, Kai},
  journal       = {JHEP},
  title         = {{Revised constraints and Belle II sensitivity for visible and invisible axion-like particles}},
  year          = {2017},
  pages         = {094},
  volume        = {12},
  archiveprefix = {arXiv},
  doi           = {10.1007/JHEP12(2017)094},
  eprint        = {1709.00009},
  primaryclass  = {hep-ph},
  reportnumber  = {DESY-17-127}
}
@article{CidVidal:2018blh,
  author        = {Cid Vidal, Xabier and Mariotti, Alberto and Redigolo, Diego and Sala, Filippo and Tobioka, Kohsaku},
  journal       = {JHEP},
  title         = {{New Axion Searches at Flavor Factories}},
  year          = {2019},
  note          = {[Erratum: JHEP 06, 141 (2020)]},
  pages         = {113},
  volume        = {01},
  archiveprefix = {arXiv},
  doi           = {10.1007/JHEP01(2019)113},
  eprint        = {1810.09452},
  primaryclass  = {hep-ph},
  reportnumber  = {DESY-18-183}
}
@article{deNiverville:2018hrc,
  author        = {deNiverville, Patrick and Lee, Hye-Sung and Seo, Min-Seok},
  journal       = {Phys. Rev. D},
  title         = {{Implications of the dark axion portal for the muon g-2, B-factories, fixed target neutrino experiments and beam dumps}},
  year          = {2018},
  number        = {11},
  pages         = {115011},
  volume        = {98},
  archiveprefix = {arXiv},
  doi           = {10.1103/PhysRevD.98.115011},
  eprint        = {1806.00757},
  primaryclass  = {hep-ph},
  reportnumber  = {CTPU-PTC-18-16}
}
@article{Grygier:2017tzo,
  author        = {Grygier, J. and others},
  journal       = {Phys. Rev. D},
  title         = {{Search for $\boldsymbol{B\to h\nu\bar{\nu}}$ decays with semileptonic tagging at Belle}},
  year          = {2017},
  note          = {[Addendum: Phys.Rev.D 97, 099902 (2018)]},
  number        = {9},
  pages         = {091101},
  volume        = {96},
  archiveprefix = {arXiv},
  collaboration = {Belle},
  doi           = {10.1103/PhysRevD.96.091101},
  eprint        = {1702.03224},
  groups        = {Beam Experiments},
  primaryclass  = {hep-ex}
}
@article{Artamonov:2008qb,
  author        = {Artamonov, A.V. and others},
  journal       = {Phys. Rev. Lett.},
  title         = {{New measurement of the $K^{+} \to \pi^{+} \nu \bar{\nu}$ branching ratio}},
  year          = {2008},
  pages         = {191802},
  volume        = {101},
  archiveprefix = {arXiv},
  collaboration = {E949},
  doi           = {10.1103/PhysRevLett.101.191802},
  eprint        = {0808.2459},
  groups        = {Beam Experiments},
  primaryclass  = {hep-ex},
  reportnumber  = {BNL-81421-2008-JA, FERMILAB-PUB-08-301-CD-E, KEK-2008-25, TUHEP-EX-08-03, TRIUMF-TRI-PP-08-04}
}
@article{Ahn:2018mvc,
  author        = {Ahn, J.K. and others},
  journal       = {Phys. Rev. Lett.},
  title         = {{Search for the $K_L \!\to\! \pi^0 \nu \overline{\nu}$ and $K_L \!\to\! \pi^0 X^0$ decays at the J-PARC KOTO experiment}},
  year          = {2019},
  number        = {2},
  pages         = {021802},
  volume        = {122},
  archiveprefix = {arXiv},
  collaboration = {KOTO},
  doi           = {10.1103/PhysRevLett.122.021802},
  eprint        = {1810.09655},
  groups        = {Beam Experiments},
  primaryclass  = {hep-ex}
}
@article{Veltman:1980mj,
  author       = {Veltman, M.J.G.},
  journal      = {Acta Phys. Polon. B},
  title        = {{The Infrared - Ultraviolet Connection}},
  year         = {1981},
  pages        = {437},
  volume       = {12},
  reportnumber = {Print-80-0851 (MICHIGAN)}
}
@article{Randall:1992ut,
  author       = {Randall, Lisa},
  journal      = {Phys. Lett. B},
  title        = {{Composite axion models and Planck scale physics}},
  year         = {1992},
  pages        = {77--80},
  volume       = {284},
  doi          = {10.1016/0370-2693(92)91928-3},
  reportnumber = {MIT-CTP-2074}
}
@article{ArkaniHamed:2003wu,
  author        = {Arkani-Hamed, Nima and Cheng, Hsin-Chia and Creminelli, Paolo and Randall, Lisa},
  journal       = {Phys. Rev. Lett.},
  title         = {{Extra natural inflation}},
  year          = {2003},
  pages         = {221302},
  volume        = {90},
  archiveprefix = {arXiv},
  doi           = {10.1103/PhysRevLett.90.221302},
  eprint        = {hep-th/0301218},
  reportnumber  = {HUTP-03-A006}
}
@article{Holdom:1982ex,
  author       = {Holdom, Bob and Peskin, Michael E.},
  journal      = {Nucl. Phys. B},
  title        = {{Raising the Axion Mass}},
  year         = {1982},
  pages        = {397--412},
  volume       = {208},
  doi          = {10.1016/0550-3213(82)90228-0},
  reportnumber = {ITP-719-STANFORD}
}
@article{Rubakov:1997vp,
  author        = {Rubakov, V.A.},
  journal       = {JETP Lett.},
  title         = {{Grand unification and heavy axion}},
  year          = {1997},
  pages         = {621--624},
  volume        = {65},
  archiveprefix = {arXiv},
  doi           = {10.1134/1.567390},
  eprint        = {hep-ph/9703409},
  reportnumber  = {INR-97-231}
}
@article{Kelly:2020dda,
  author        = {Kelly, Kevin J. and Kumar, Soubhik and Liu, Zhen},
  title         = {{Heavy axion opportunities at the DUNE near detector}},
  eprint        = {2011.05995},
  archiveprefix = {arXiv},
  primaryclass  = {hep-ph},
  reportnumber  = {FERMILAB-PUB-20-581-T},
  doi           = {10.1103/PhysRevD.103.095002},
  journal       = {Phys. Rev. D},
  volume        = {103},
  number        = {9},
  pages         = {095002},
  year          = {2021}
}
@article{DiLuzio:2020wdo,
  author        = {Luca Di Luzio and Maurizio Giannotti and Enrico Nardi and Luca Visinelli},
  journal       = {Phys.Rept.},
  title         = {The landscape of QCD axion models},
  year          = {2020},
  pages         = {1-117},
  volume        = {870},
  archiveprefix = {arXiv},
  eprint        = {2003.01100},
  primaryclass  = {hep-ph}
}
@article{DiLuzio:2020oah,
  author        = {Di Luzio, Luca and Gr\"ober, Ramona and Paradisi, Paride},
  title         = {{Hunting for the CP violating ALP}},
  year          = {2020},
  month         = {10},
  archiveprefix = {arXiv},
  eprint        = {2010.13760},
  primaryclass  = {hep-ph},
  reportnumber  = {DESY 20-183, DESY-20-183}
}
@article{Georgi:1986kr,
  author       = {Georgi, Howard and Randall, Lisa},
  journal      = {Nucl. Phys. B},
  title        = {{Flavor Conserving CP Violation in Invisible Axion Models}},
  year         = {1986},
  pages        = {241--252},
  volume       = {276},
  doi          = {10.1016/0550-3213(86)90022-2},
  reportnumber = {HUTP-86/A025}
}
@article{Georgi:1986df,
  author       = {Georgi, Howard and Kaplan, David B. and Randall, Lisa},
  title        = {{Manifesting the Invisible Axion at Low-energies}},
  reportnumber = {HUTP-86/A004},
  doi          = {10.1016/0370-2693(86)90688-X},
  journal      = {Phys. Lett. B},
  volume       = {169},
  pages        = {73--78},
  year         = {1986}
}
@article{Choi:1986zw,
  author       = {Choi, Kiwoon and Kang, Kyungsik and Kim, Jihn E.},
  journal      = {Phys. Lett. B},
  title        = {{Effects of $\eta^\prime$ in Low-energy Axion Physics}},
  year         = {1986},
  pages        = {145--149},
  volume       = {181},
  doi          = {10.1016/0370-2693(86)91273-6},
  reportnumber = {BROWN-HET-593, SNUHE 86/05}
}
@article{CortinaGil:2020fcx,
  author        = {Cortina Gil, Eduardo and others},
  collaboration = {NA62},
  title         = {{Search for a feebly interacting particle  $X$ in the decay $K^{+}\rightarrow\pi^{+}X$}},
  eprint        = {2011.11329},
  archiveprefix = {arXiv},
  primaryclass  = {hep-ex},
  reportnumber  = {CERN-EP-2020-227},
  doi           = {10.1007/JHEP03(2021)058},
  journal       = {JHEP},
  volume        = {03},
  pages         = {058},
  year          = {2021}
}
@article{CortinaGil:2021gga,
  author        = {Cortina Gil, Eduardo and others},
  collaboration = {NA62},
  title         = {{Search for $K^+$ decays to a muon and invisible particles}},
  eprint        = {2101.12304},
  archiveprefix = {arXiv},
  primaryclass  = {hep-ex},
  reportnumber  = {CERN-EP-2021-018},
  doi           = {10.1016/j.physletb.2021.136259},
  journal       = {Phys. Lett. B},
  volume        = {816},
  pages         = {136259},
  year          = {2021}
}
@misc{CortinaGil:2021nts,
  author        = {Cortina Gil, Eduardo and others},
  collaboration = {NA62},
  title         = {{Measurement of the very rare $K^+\rightarrow\pi^+\nu\bar{\nu}$ decay}},
  eprint        = {2103.15389},
  archiveprefix = {arXiv},
  primaryclass  = {hep-ex},
  month         = {},
  year          = {},
  howpublished  = {arXiv 2103.15389}
}
@article{Merlo:2017sun,
  author        = {Merlo, L. and Pobbe, F. and Rigolin, S.},
  title         = {{The Minimal Axion Minimal Linear $\sigma$ Model}},
  eprint        = {1710.10500},
  archiveprefix = {arXiv},
  primaryclass  = {hep-ph},
  reportnumber  = {FTUAM-17-16, IFT-UAM-CSIC-17-082},
  doi           = {10.1140/epjc/s10052-018-5892-z},
  journal       = {Eur. Phys. J. C},
  volume        = {78},
  number        = {5},
  pages         = {415},
  year          = {2018},
  note          = {[Erratum: Eur.Phys.J.C 79, 963 (2019)]}
}
@article{Alonso-Gonzalez:2018vpc,
  author        = {Alonso-Gonz\'alez, Javier and Merlo, Luca and Pobbe, Federico and Rigolin, Stefano and Sumensari, Olcyr},
  title         = {{Testable axion-like particles in the minimal linear \ensuremath{\sigma} model}},
  eprint        = {1807.08643},
  archiveprefix = {arXiv},
  primaryclass  = {hep-ph},
  doi           = {10.1016/j.nuclphysb.2019.114839},
  journal       = {Nucl. Phys. B},
  volume        = {950},
  pages         = {114839},
  year          = {2020}
}
@article{Brivio:2017sdm,
  author        = {Brivio, I. and Gavela, M. B. and Pascoli, S. and del Rey, R. and Saa, S.},
  title         = {{The Axion and the Goldstone Higgs}},
  eprint        = {1710.07715},
  archiveprefix = {arXiv},
  primaryclass  = {hep-ph},
  reportnumber  = {IFT-UAM/CSIC-17-103; FTUAM-17-24, IFT-UAM-CSIC-17-103, FTUAM-17-24},
  doi           = {10.1016/j.cjph.2019.06.018},
  journal       = {Chin. J. Phys.},
  volume        = {61},
  pages         = {55--71},
  year          = {2019}
}
@article{newUS,
  author        = {Guerrera, A. and Rigolin, S.},
  title         = {{Work in preparation}},
  eprint        = {},
  archiveprefix = {},
  primaryclass  = {},
  reportnumber  = {},
  doi           = {},
  journal       = {},
  volume        = {},
  pages         = {},
  year          = {}
}
@misc{Buras:1998raa,
  author        = {Buras, Andrzej J.},
  title         = {{Weak Hamiltonian, CP violation and rare decays}},
  booktitle     = {{Les Houches Summer School in Theoretical Physics, Session 68: Probing the Standard Model of Particle Interactions}},
  eprint        = {hep-ph/9806471},
  archiveprefix = {arXiv},
  reportnumber  = {TUM-HEP-316-98},
  month         = {},
  year          = {},
  howpublished  = {hep-ph/9806471}
}
@article{Arias-Aragon:2017eww,
  author        = {Arias-Aragon, F. and Merlo, L.},
  title         = {{The Minimal Flavour Violating Axion}},
  eprint        = {1709.07039},
  archiveprefix = {arXiv},
  primaryclass  = {hep-ph},
  doi           = {10.1007/JHEP10(2017)168},
  journal       = {JHEP},
  volume        = {10},
  pages         = {168},
  year          = {2017},
  note          = {[Erratum: JHEP 11, 152 (2019)]}
}
@article{Bhattacharya:2018msv,
  author        = {Bhattacharya, Bhubanjyoti and Grant, Cody M. and Petrov, Alexey A.},
  journal       = {Phys. Rev. D},
  title         = {{Invisible widths of heavy mesons}},
  year          = {2019},
  number        = {9},
  pages         = {093010},
  volume        = {99},
  archiveprefix = {arXiv},
  doi           = {10.1103/PhysRevD.99.093010},
  eprint        = {1809.04606},
  primaryclass  = {hep-ph},
  reportnumber  = {WSU-HEP-1805}
}
@article{Adler:2004hp,
  author        = {Adler, S. and others},
  journal       = {Phys. Rev. D},
  title         = {{Further search for the decay K+ ---\ensuremath{>} pi+ nu anti-nu in the momentum region P \ensuremath{<} 195-MeV/c}},
  year          = {2004},
  pages         = {037102},
  volume        = {70},
  archiveprefix = {arXiv},
  collaboration = {E787},
  doi           = {10.1103/PhysRevD.70.037102},
  eprint        = {hep-ex/0403034},
  reportnumber  = {BNL-72163-2004-JA, KEK-PREPRINT-2004-2}
}
@article{Artamonov:2009sz,
  author        = {Artamonov, A. V. and others},
  journal       = {Phys. Rev. D},
  title         = {{Study of the decay $K^+\to\pi^+\nu \bar\nu$ in the momentum region $140 < P_\pi < 199$ MeV/c}},
  year          = {2009},
  pages         = {092004},
  volume        = {79},
  archiveprefix = {arXiv},
  collaboration = {BNL-E949},
  doi           = {10.1103/PhysRevD.79.092004},
  eprint        = {0903.0030},
  primaryclass  = {hep-ex},
  reportnumber  = {BNL-81786-2008-JA, FERMILAB-PUB-09-007-CD-T, KEK-2008-44, TRIUMF-TRI-PP-08-26, UHEP-EX-08-004}
}
@misc{Bauer:2021wjo,
  author        = {Bauer, Martin and Neubert, Matthias and Renner, Sophie and Schnubel, Marvin and Thamm, Andrea},
  title         = {{Consistent treatment of axions in the weak chiral Lagrangian}},
  eprint        = {2102.13112},
  archiveprefix = {arXiv},
  primaryclass  = {hep-ph},
  reportnumber  = {IPPP/20-82, MITP/21-007, ZU-TH-01/21},
  month         = {},
  year          = {},
  howpublished  = {arXiv 2102.13112}
}
@article{Belle:2006tbq,
  author        = {Satoyama, N. and others},
  collaboration = {Belle},
  title         = {{A Search for the rare leptonic decays B+ ---\ensuremath{>} mu+ nu(mu) and B+ ---\ensuremath{>} e+ nu(nu)}},
  eprint        = {hep-ex/0611045},
  archiveprefix = {arXiv},
  reportnumber  = {BELLE-PREPRINT-2006-36, KEK-PREPRINT-2006-53},
  doi           = {10.1016/j.physletb.2007.01.068},
  journal       = {Phys. Lett. B},
  volume        = {647},
  pages         = {67--73},
  year          = {2007}
}
@article{Belle:2019iji,
  author        = {Prim, M. T. and others},
  collaboration = {Belle},
  title         = {{Search for $B^+ \to \mu^+\, \nu_\mu$ and $B^+ \to \mu^+\, N$ with inclusive tagging}},
  eprint        = {1911.03186},
  archiveprefix = {arXiv},
  primaryclass  = {hep-ex},
  reportnumber  = {Belle Preprint 2019-17, KEK Preprint 2019-39},
  doi           = {10.1103/PhysRevD.101.032007},
  journal       = {Phys. Rev. D},
  volume        = {101},
  number        = {3},
  pages         = {032007},
  year          = {2020}
}
@article{Belle:2012egh,
  author        = {Adachi, I. and others},
  collaboration = {Belle},
  title         = {{Evidence for $B^- \to \tau^- \bar{\nu}_\tau$  with a Hadronic Tagging Method Using the Full Data Sample of Belle}},
  eprint        = {1208.4678},
  archiveprefix = {arXiv},
  primaryclass  = {hep-ex},
  reportnumber  = {BELLE-CONF-1201, KEK-PREPRINT-2012-28, BELLE-PREPRINT-2012-26},
  doi           = {10.1103/PhysRevLett.110.131801},
  journal       = {Phys. Rev. Lett.},
  volume        = {110},
  number        = {13},
  pages         = {131801},
  year          = {2013}
}
@article{Eisenstein:2008aa,
  author        = {Eisenstein, B.I. and others},
  journal       = {Phys. Rev. D},
  title         = {{Precision Measurement of $B(D^+ \to \mu^+ \nu)$ and the Pseudoscalar Decay Constant $f(D^+)$}},
  year          = {2008},
  pages         = {052003},
  volume        = {78},
  archiveprefix = {arXiv},
  collaboration = {CLEO},
  doi           = {10.1103/PhysRevD.78.052003},
  eprint        = {0806.2112},
  groups        = {Beam Experiments},
  primaryclass  = {hep-ex},
  reportnumber  = {CLNS-08-2029, CLEO-08-12}
}
@article{BESIII:2013iro,
  author        = {Ablikim, M. and others},
  collaboration = {BESIII},
  title         = {{Precision measurements of $B(D^+ \rightarrow \mu^+ \nu_{\mu})$, the pseudoscalar decay constant $f_{D^+}$, and the quark mixing matrix element $|V_{\rm cd}|$}},
  eprint        = {1312.0374},
  archiveprefix = {arXiv},
  primaryclass  = {hep-ex},
  doi           = {10.1103/PhysRevD.89.051104},
  journal       = {Phys. Rev. D},
  volume        = {89},
  number        = {5},
  pages         = {051104},
  year          = {2014}
}
@article{BESIII:2019vhn,
  author        = {Ablikim, Medina and others},
  collaboration = {BESIII},
  title         = {{Observation of the leptonic decay $D^+ \to \tau^+ \nu_\tau$}},
  eprint        = {1908.08877},
  archiveprefix = {arXiv},
  primaryclass  = {hep-ex},
  doi           = {10.1103/PhysRevLett.123.211802},
  journal       = {Phys. Rev. Lett.},
  volume        = {123},
  number        = {21},
  pages         = {211802},
  year          = {2019}
}
@article{Belle:2013isi,
  author        = {Zupanc, A. and others},
  collaboration = {Belle},
  title         = {{Measurements of branching fractions of leptonic and hadronic $D_{s}^{+}$ meson decays and extraction of the $D_{s}^{+}$ meson decay constant}},
  eprint        = {1307.6240},
  archiveprefix = {arXiv},
  primaryclass  = {hep-ex},
  reportnumber  = {BELLE-PREPRINT-2013-15, KEK-PREPRINT-2013-25},
  doi           = {10.1007/JHEP09(2013)139},
  journal       = {JHEP},
  volume        = {09},
  pages         = {139},
  year          = {2013}
}
@article{BESIII:2016cws,
  author        = {Ablikim, Medina and others},
  collaboration = {BESIII},
  title         = {{Measurement of the $D_s^+ \to \ell^+\nu_\ell$ branching fractions and the decay constant $f_{D_s^+}$}},
  eprint        = {1608.06732},
  archiveprefix = {arXiv},
  primaryclass  = {hep-ex},
  doi           = {10.1103/PhysRevD.94.072004},
  journal       = {Phys. Rev. D},
  volume        = {94},
  number        = {7},
  pages         = {072004},
  year          = {2016}
}
@article{BESIII:2018hhz,
  author        = {Ablikim, Medina and others},
  collaboration = {BESIII},
  title         = {{Determination of the pseudoscalar decay constant $f_{D_s^+}$ via $D_s^+\to\mu^+\nu_\mu$}},
  eprint        = {1811.10890},
  archiveprefix = {arXiv},
  primaryclass  = {hep-ex},
  doi           = {10.1103/PhysRevLett.122.071802},
  journal       = {Phys. Rev. Lett.},
  volume        = {122},
  number        = {7},
  pages         = {071802},
  year          = {2019}
}
@article{NA62:2012lny,
  author        = {Lazzeroni, C. and others},
  journal       = {Phys. Lett. B},
  title         = {{Precision Measurement of the Ratio of the Charged Kaon Leptonic Decay Rates}},
  year          = {2013},
  pages         = {326--336},
  volume        = {719},
  archiveprefix = {arXiv},
  collaboration = {NA62},
  doi           = {10.1016/j.physletb.2013.01.037},
  eprint        = {1212.4012},
  primaryclass  = {hep-ex},
  reportnumber  = {CERN-PH-EP-2012-367}
}

@article{KLOE:2007wlh,
  author        = {Ambrosino, F. and others},
  journal       = {JHEP},
  title         = {{Measurement of the charged kaon lifetime with the KLOE detector}},
  year          = {2008},
  pages         = {073},
  volume        = {01},
  archiveprefix = {arXiv},
  collaboration = {KLOE},
  doi           = {10.1088/1126-6708/2008/01/073},
  eprint        = {0712.1112},
  primaryclass  = {hep-ex}
}
@article{ParticleDataGroup:2020ssz,
  author        = {Zyla, P. A. and others},
  collaboration = {Particle Data Group},
  title         = {{Review of Particle Physics}},
  doi           = {10.1093/ptep/ptaa104},
  journal       = {PTEP},
  volume        = {2020},
  number        = {8},
  pages         = {083C01},
  year          = {2020}
}

@article{Brodsky:1981rp,
  author       = {Brodsky, Stanley J. and Lepage, G. Peter},
  journal      = {Phys. Rev. D},
  title        = {{Large Angle Two Photon Exclusive Channels in Quantum Chromodynamics}},
  year         = {1981},
  pages        = {1808},
  volume       = {24},
  doi          = {10.1103/PhysRevD.24.1808},
  reportnumber = {SLAC-PUB-2733}
}

